@article{hu2021tcudb,
	title={TCUDB: Accelerating Database with Tensor Processors},
	author={Hu, Yu-Ching and Li, Yuliang and Tseng, Hung-Wei},
	journal={arXiv preprint arXiv:2112.07552},
	year={2021}
}


@article{he2022query,
	title={Query Processing on Tensor Computation Runtimes},
	author={He, Dong and Nakandala, Supun and Banda, Dalitso and Sen, Rathijit and Saur, Karla and Park, Kwanghyun and Curino, Carlo and Camacho-Rodr{\'\i}guez, Jes{\'u}s and Karanasos, Konstantinos and Interlandi, Matteo},
	journal={arXiv preprint arXiv:2203.01877},
	year={2022}
}

 @misc{sun_2022, place={ETH Zürich}, title={Seminar Presentation on "{Query} {Processing} on {Tensor} {Computation} {Runtimes}" by {He} et al.}, publisher={ETH Zürich}, author={Sun, Yuxin}, year={2022}, month={Nov}} 